@Article{artmc1,
author = {A. Bouajjani and P. Habermehl and A. Rogalewicz and T. Vojnar},
title = {Abstract Regular Tree Model Checking of Complex Dynamic Data Structures},
journal = {SAS},
year = {2006},
}

@Article{artmc2,
author = {A. Bouajjani and P. Habermehl and A. Rogalewicz and T. Vojnar},
title = {Abstract Regular Tree Model Checking},
journal = {Infinity},
year = {2005}
}


